@article{taghvaei20192,
  title={2-wasserstein approximation via restricted convex potentials with application to improved training for gans},
  author={Taghvaei, Amirhossein and Jalali, Amin},
  journal={arXiv preprint arXiv:1902.07197},
  year={2019}
}

@book{villani2003topics,
  title={Topics in optimal transportation},
  author={Villani, C{\'e}dric},
  number={58},
  year={2003},
  publisher={American Mathematical Soc.}
}