@article{cuturi2013sinkhorn,
  title={Sinkhorn distances: Lightspeed computation of optimal transport},
  author={Cuturi, Marco},
  journal={Advances in neural information processing systems},
  volume={26},
  pages={2292--2300},
  year={2013}
}

@article{audibert2009exploration,
  title={Exploration--exploitation tradeoff using variance estimates in multi-armed bandits},
  author={Audibert, Jean-Yves and Munos, R{\'e}mi and Szepesv{\'a}ri, Csaba},
  journal={Theoretical Computer Science},
  volume={410},
  number={19},
  pages={1876--1902},
  year={2009},
  publisher={Elsevier}
}

@article{xu2021hawkes,
  title={Hawkes Processes on Graphons},
  author={Xu, Hongteng and Luo, Dixin and Zha, Hongyuan},
  journal={arXiv preprint arXiv:2102.02741},
  year={2021}
}

@article{auer2002nonstochastic,
  title={The nonstochastic multiarmed bandit problem},
  author={Auer, Peter and Cesa-Bianchi, Nicolo and Freund, Yoav and Schapire, Robert E},
  journal={SIAM journal on computing},
  volume={32},
  number={1},
  pages={48--77},
  year={2002},
  publisher={SIAM}
}

@article{xu2016patient,
  title={Patient flow prediction via discriminative learning of mutually-correcting processes},
  author={Xu, Hongteng and Wu, Weichang and Nemati, Shamim and Zha, Hongyuan},
  journal={IEEE transactions on Knowledge and Data Engineering},
  volume={29},
  number={1},
  pages={157--171},
  year={2016},
  publisher={IEEE}
}

@book{daley2008introduction,
  title={An introduction to the theory of point processes: volume II: general theory and structure},
  author={Daley, Daryl J and Vere-Jones, David and others},
  year={2008},
  publisher={Springer New York}
}

@inproceedings{zhou2013learning,
  title={Learning social infectivity in sparse low-rank networks using multi-dimensional hawkes processes},
  author={Zhou, Ke and Zha, Hongyuan and Song, Le},
  booktitle={Artificial Intelligence and Statistics},
  pages={641--649},
  year={2013},
  organization={PMLR}
}

@inproceedings{ning2011slim,
  title={Slim: Sparse linear methods for top-n recommender systems},
  author={Ning, Xia and Karypis, George},
  booktitle={2011 IEEE 11th International Conference on Data Mining},
  pages={497--506},
  year={2011},
  organization={IEEE}
}

@inproceedings{rendle2010factorizing,
  title={Factorizing personalized markov chains for next-basket recommendation},
  author={Rendle, Steffen and Freudenthaler, Christoph and Schmidt-Thieme, Lars},
  booktitle={Proceedings of the 19th international conference on World wide web},
  pages={811--820},
  year={2010}
}

@article{rendle2012bpr,
  title={BPR: Bayesian personalized ranking from implicit feedback},
  author={Rendle, Steffen and Freudenthaler, Christoph and Gantner, Zeno and Schmidt-Thieme, Lars},
  journal={arXiv preprint arXiv:1205.2618},
  year={2012}
}

@inproceedings{mcauley2015image,
  title={Image-based recommendations on styles and substitutes},
  author={McAuley, Julian and Targett, Christopher and Shi, Qinfeng and Van Den Hengel, Anton},
  booktitle={Proceedings of the 38th international ACM SIGIR conference on research and development in information retrieval},
  pages={43--52},
  year={2015}
}

@inproceedings{he2016ups,
  title={Ups and downs: Modeling the visual evolution of fashion trends with one-class collaborative filtering},
  author={He, Ruining and McAuley, Julian},
  booktitle={proceedings of the 25th international conference on world wide web},
  pages={507--517},
  year={2016}
}

@inproceedings{lee2013local,
  title={Local low-rank matrix approximation},
  author={Lee, Joonseok and Kim, Seungyeon and Lebanon, Guy and Singer, Yoram},
  booktitle={International conference on machine learning},
  pages={82--90},
  year={2013},
  organization={PMLR}
}

@inproceedings{lee2014local,
  title={Local collaborative ranking},
  author={Lee, Joonseok and Bengio, Samy and Kim, Seungyeon and Lebanon, Guy and Singer, Yoram},
  booktitle={Proceedings of the 23rd international conference on World wide web},
  pages={85--96},
  year={2014}
}

@book{fix1985discriminatory,
  title={Discriminatory analysis: nonparametric discrimination, consistency properties},
  author={Fix, Evelyn},
  volume={1},
  year={1985},
  publisher={USAF school of Aviation Medicine}
}

@inproceedings{farajtabar2015back,
  title={Back to the past: Source identification in diffusion networks from partially observed cascades},
  author={Farajtabar, Mehrdad and Rodriguez, Manuel Gomez and Zamani, Mohammad and Du, Nan and Zha, Hongyuan and Song, Le},
  booktitle={Artificial Intelligence and Statistics},
  pages={232--240},
  year={2015},
  organization={PMLR}
}

@article{ogata1988statistical,
  title={Statistical models for earthquake occurrences and residual analysis for point processes},
  author={Ogata, Yosihiko},
  journal={Journal of the American Statistical association},
  volume={83},
  number={401},
  pages={9--27},
  year={1988},
  publisher={Taylor \& Francis}
}

@inproceedings{chu2011contextual,
  title={Contextual bandits with linear payoff functions},
  author={Chu, Wei and Li, Lihong and Reyzin, Lev and Schapire, Robert},
  booktitle={Proceedings of the Fourteenth International Conference on Artificial Intelligence and Statistics},
  pages={208--214},
  year={2011},
  organization={JMLR Workshop and Conference Proceedings}
}

@inproceedings{li2010contextual,
  title={A contextual-bandit approach to personalized news article recommendation},
  author={Li, Lihong and Chu, Wei and Langford, John and Schapire, Robert E},
  booktitle={Proceedings of the 19th international conference on World wide web},
  pages={661--670},
  year={2010}
}

@inproceedings{balakrishnan2019incorporating,
  title={Incorporating behavioral constraints in online AI systems},
  author={Balakrishnan, Avinash and Bouneffouf, Djallel and Mattei, Nicholas and Rossi, Francesca},
  booktitle={Proceedings of the AAAI Conference on Artificial Intelligence},
  volume={33},
  number={01},
  pages={3--11},
  year={2019}
}

@article{gimelfarb2020epsilon,
  title={$\{$$\backslash$epsilon$\}$-BMC: A Bayesian Ensemble Approach to Epsilon-Greedy Exploration in Model-Free Reinforcement Learning},
  author={Gimelfarb, Michael and Sanner, Scott and Lee, Chi-Guhn},
  journal={arXiv preprint arXiv:2007.00869},
  year={2020}
}

@article{bouneffouf2019optimal,
  title={Optimal exploitation of clustering and history information in multi-armed bandit},
  author={Bouneffouf, Djallel and Parthasarathy, Srinivasan and Samulowitz, Horst and Wistub, Martin},
  journal={arXiv preprint arXiv:1906.03979},
  year={2019}
}

@article{robbins1952some,
  title={Some aspects of the sequential design of experiments},
  author={Robbins, Herbert},
  journal={Bulletin of the American Mathematical Society},
  volume={58},
  number={5},
  pages={527--535},
  year={1952},
  publisher={Citeseer}
}

@inproceedings{xu2016learning,
  title={Learning granger causality for hawkes processes},
  author={Xu, Hongteng and Farajtabar, Mehrdad and Zha, Hongyuan},
  booktitle={International Conference on Machine Learning},
  pages={1717--1726},
  year={2016},
  organization={PMLR}
}

@inproceedings{zuo2020transformer,
  title={Transformer hawkes process},
  author={Zuo, Simiao and Jiang, Haoming and Li, Zichong and Zhao, Tuo and Zha, Hongyuan},
  booktitle={International Conference on Machine Learning},
  pages={11692--11702},
  year={2020},
  organization={PMLR}
}

@article{zhang2019self,
  title={Self-attentive hawkes processes},
  author={Zhang, Qiang and Lipani, Aldo and Kirnap, Omer and Yilmaz, Emine},
  journal={arXiv preprint arXiv:1907.07561},
  year={2019}
}

@inproceedings{farajtabar2017fake,
  title={Fake news mitigation via point process based intervention},
  author={Farajtabar, Mehrdad and Yang, Jiachen and Ye, Xiaojing and Xu, Huan and Trivedi, Rakshit and Khalil, Elias and Li, Shuang and Song, Le and Zha, Hongyuan},
  booktitle={International Conference on Machine Learning},
  pages={1097--1106},
  year={2017},
  organization={PMLR}
}

@article{bacry2015hawkes,
  title={Hawkes processes in finance},
  author={Bacry, Emmanuel and Mastromatteo, Iacopo and Muzy, Jean-Fran{\c{c}}ois},
  journal={Market Microstructure and Liquidity},
  volume={1},
  number={01},
  pages={1550005},
  year={2015},
  publisher={World Scientific}
}

@inproceedings{xu2018benefits,
  title={Benefits from superposed hawkes processes},
  author={Xu, Hongteng and Luo, Dixin and Chen, Xu and Carin, Lawrence},
  booktitle={International Conference on Artificial Intelligence and Statistics},
  pages={623--631},
  year={2018},
  organization={PMLR}
}

@inproceedings{zhang2015task,
  title={Task-based recommendation on a web-scale},
  author={Zhang, Yongfeng and Zhang, Min and Liu, Yiqun and Tat-Seng, Chua and Zhang, Yi and Ma, Shaoping},
  booktitle={2015 IEEE International Conference on Big Data (Big Data)},
  pages={827--836},
  year={2015},
  organization={IEEE}
}

@inproceedings{chen2012playlist,
  title={Playlist prediction via metric embedding},
  author={Chen, Shuo and Moore, Josh L and Turnbull, Douglas and Joachims, Thorsten},
  booktitle={Proceedings of the 18th ACM SIGKDD international conference on Knowledge discovery and data mining},
  pages={714--722},
  year={2012}
}

@inproceedings{feng2015personalized,
  title={Personalized ranking metric embedding for next new poi recommendation},
  author={Feng, Shanshan and Li, Xutao and Zeng, Yifeng and Cong, Gao and Chee, Yeow Meng},
  booktitle={IJCAI'15 Proceedings of the 24th International Conference on Artificial Intelligence},
  pages={2069--2075},
  year={2015},
  organization={ACM}
}

@inproceedings{wang2015learning,
  title={Learning hierarchical representation model for nextbasket recommendation},
  author={Wang, Pengfei and Guo, Jiafeng and Lan, Yanyan and Xu, Jun and Wan, Shengxian and Cheng, Xueqi},
  booktitle={Proceedings of the 38th International ACM SIGIR conference on Research and Development in Information Retrieval},
  pages={403--412},
  year={2015}
}


@inproceedings{yu2016dynamic,
  title={A dynamic recurrent model for next basket recommendation},
  author={Yu, Feng and Liu, Qiang and Wu, Shu and Wang, Liang and Tan, Tieniu},
  booktitle={Proceedings of the 39th International ACM SIGIR conference on Research and Development in Information Retrieval},
  pages={729--732},
  year={2016}
}

@inproceedings{tan2016improved,
  title={Improved recurrent neural networks for session-based recommendations},
  author={Tan, Yong Kiam and Xu, Xinxing and Liu, Yong},
  booktitle={Proceedings of the 1st workshop on deep learning for recommender systems},
  pages={17--22},
  year={2016}
}

@inproceedings{dai2016recurrent,
  title={Recurrent coevolutionary latent feature processes for continuous-time recommendation},
  author={Dai, Hanjun and Wang, Yichen and Trivedi, Rakshit and Song, Le},
  booktitle={Proceedings of the 1st workshop on deep learning for recommender systems},
  pages={29--34},
  year={2016}
}

@article{hidasi2015session,
  title={Session-based recommendations with recurrent neural networks},
  author={Hidasi, Bal{\'a}zs and Karatzoglou, Alexandros and Baltrunas, Linas and Tikk, Domonkos},
  journal={arXiv preprint arXiv:1511.06939},
  year={2015}
}

@inproceedings{chen2018sequential,
  title={Sequential recommendation with user memory networks},
  author={Chen, Xu and Xu, Hongteng and Zhang, Yongfeng and Tang, Jiaxi and Cao, Yixin and Qin, Zheng and Zha, Hongyuan},
  booktitle={Proceedings of the eleventh ACM international conference on web search and data mining},
  pages={108--116},
  year={2018}
}

@inproceedings{cheng2013you,
  title={Where you like to go next: Successive point-of-interest recommendation},
  author={Cheng, Chen and Yang, Haiqin and Lyu, Michael R and King, Irwin},
  booktitle={Twenty-Third international joint conference on Artificial Intelligence},
  year={2013}
}